@article{diankov2008openrave,
  title={Openrave: A planning architecture for autonomous robotics},
  author={Diankov, Rosen and Kuffner, James},
  journal={Robotics Institute, Pittsburgh, PA, Tech. Rep. CMU-RI-TR-08-34},
  volume={79},
  year={2008}
}

@inproceedings{wald2006building,
  title={On building fast kd-trees for ray tracing, and on doing that in O (N log N)},
  author={Wald, Ingo and Havran, Vlastimil},
  booktitle={Interactive Ray Tracing 2006, IEEE Symposium on},
  pages={61--69},
  year={2006},
  organization={IEEE}
}